<record><leader>00000cas a22000007a 4500</leader><controlfield tag="001">12485335</controlfield><controlfield tag="008">850903d19031907paudn ne      0    0eng d</controlfield><datafield ind1=" " ind2=" " tag="010"><subfield code="a">sn 85055052 </subfield></datafield><datafield ind1=" " ind2=" " tag="040"><subfield code="a">NPH</subfield><subfield code="b">eng</subfield><subfield code="c">NPH</subfield><subfield code="d">OCLCQ</subfield></datafield><datafield ind1=" " ind2=" " tag="042"><subfield code="a">msc</subfield></datafield><datafield ind1="0" ind2="0" tag="245"><subfield code="a">Berwick daily enterprise.</subfield></datafield><datafield ind1=" " ind2=" " tag="260"><subfield code="a">Berwick, Pa. :</subfield><subfield code="b">C.A. Raseley,</subfield><subfield code="c">1903-</subfield></datafield><datafield ind1=" " ind2=" " tag="300"><subfield code="a">v. ;</subfield><subfield code="c">48 cm.</subfield></datafield><datafield ind1=" " ind2=" " tag="310"><subfield code="a">Daily (except Sunday)</subfield></datafield><datafield ind1="0" ind2=" " tag="362"><subfield code="a">Vol. 1, no. 1 (Apr. 6, 1903)-</subfield></datafield><datafield ind1="1" ind2=" " tag="362"><subfield code="a">Ceased with Jan. 31, 1907 issue.</subfield><subfield code="z">Cf. Beers, J.H. Historical and biograghical annals of Columbia and Montour Counties, Pa.</subfield></datafield><datafield ind1=" " ind2=" " tag="580"><subfield code="a">Issued also in weekly ed. entitled: Berwick enterprise (Berwick, Pa. : 1900).</subfield></datafield><datafield ind1=" " ind2=" " tag="752"><subfield code="a">United States</subfield><subfield code="b">Pennsylvania</subfield><subfield code="c">Columbia</subfield><subfield code="d">Berwick.</subfield></datafield><datafield ind1="0" ind2="0" tag="785"><subfield code="t">Berwick enterprise (Berwick, Pa. : 1907)</subfield><subfield code="w">(DLC)sn 85055053</subfield></datafield><datafield ind1="1" ind2=" " tag="787"><subfield code="t">Berwick enterprise (Berwick, Pa. : 1900)</subfield></datafield></record>